@article{phoneRest,
  title={Phonemic restoration: The brain creates missing speech sounds},
  author={Kashino, Makio},
  journal={Acoustical science and technology},
  volume={27},
  number={6},
  pages={318--321},
  year={2006}
}
@book{nlpBook,
 author = {Jurafsky, Daniel and Martin, James H.},
 title = {Speech and Language Processing (2Nd Edition)},
 year = {2009},
 isbn = {0131873210},
 publisher = {Prentice-Hall, Inc.},
 address = {Upper Saddle River, NJ, USA}
} 
@misc{mcImage,
   author = "Wikipedia",
   title = "Markov chain",
   year = "2014",
   url = {"http://en.wikipedia.org/wiki/Markov_chain"}
}
@misc{hmmImage,
   author = "Wikipedia",
   title = "Hidden Markov model",
   year = "2014",
   url = {"http://en.wikipedia.org/wiki/Hidden_Markov_model"}
}

@article{phoneRest2,
year={1987},
issn={0031-5117},
journal={Perception & Psychophysics},
volume={42},
number={2},
doi={10.3758/BF03210499},
title={Multiple phonemic restorations follow the rules for auditory induction},
url={http://dx.doi.org/10.3758/BF03210499},
publisher={Springer-Verlag},
author={Bashford, JamesA. and Warren, RichardM.},
pages={114-121},
language={English}
}
@incollection{dnaEx,
year={2003},
isbn={978-3-540-40550-4},
booktitle={Intelligent Data Engineering and Automated Learning},
volume={2690},
series={Lecture Notes in Computer Science},
editor={Liu, Jiming and Cheung, Yiu-ming and Yin, Hujun},
doi={10.1007/978-3-540-45080-1_73},
title={Higher-Order Hidden Markov Models with Applications to DNA Sequences},
url={http://dx.doi.org/10.1007/978-3-540-45080-1_73},
publisher={Springer Berlin Heidelberg},
author={Ching, WaiKi and Fung, EricS. and Ng, MichaelK.},
pages={535-539},
language={English}
}
@ARTICLE{videoEx, 
author={Gu Xu and Yu-Fei Ma and Hong-Jiang Zhang and Shi-Qiang Yang}, 
journal={Circuits and Systems for Video Technology, IEEE Transactions on}, 
title={An HMM-based framework for video semantic analysis}, 
year={2005}, 
month={Nov}, 
volume={15}, 
number={11}, 
pages={1422-1433}, 
keywords={hidden Markov models;image classification;image motion analysis;image representation;image sequences;indexing;sport;video coding;HMM-based framework;basketball event detection;connectors;detectors;hidden Markov model;motion representation scheme;recognition;soccer shot classification;sports video;training process;vector source;video indexing;video semantic analysis;video structuring;volleyball sequence analysis;Algorithm design and analysis;Books;Connectors;Detectors;Event detection;Hidden Markov models;Humans;Indexing;Robustness;Speech recognition;Event detection;hidden Markov models (HMMs);sports videos;video semantic analysis}, 
doi={10.1109/TCSVT.2005.856903}, 
ISSN={1051-8215}
}
@incollection{nlpEx,
year={2007},
isbn={978-1-4020-6263-6},
booktitle={Advances and Innovations in Systems, Computing Sciences and Software Engineering},
editor={Elleithy, Khaled},
doi={10.1007/978-1-4020-6264-3_23},
title={Comparison of different POS Tagging Techniques (n-gram, HMM and Brill’s tagger) for Bangla},
url={http://dx.doi.org/10.1007/978-1-4020-6264-3_23},
publisher={Springer Netherlands},
keywords={POS tagging; POS tagger; Bangla; Bengali; Bangla; n-gram; HMM; Brill’s transformation based tagger.},
author={Hasan, FahimMuhammad and UzZaman, Naushad and Khan, Mumit},
pages={121-126},
language={English}
}